
@article{brown_oil_2010,
	address = {New York},
	chapter = {A},
	title = {Oil {Rig}â€™s {Siren} {Was} {Kept} {Silent}, {Technician} {Says}},
	url = {https://www.nytimes.com/2010/07/24/us/24hearings.html},
	journal = {New York Times},
	author = {Brown, Robbie},
	month = jul,
	year = {2010},
	pages = {1},
}
