
@article{rabin_reversal_2024,
	address = {New York, New York},
	chapter = {A},
	title = {In {Reversal}, {Expert} {Panel} {Recommends} {Breast} {Cancer} {Screening} at 40},
	url = {https://www.nytimes.com/2024/04/30/health/breast-cancer-mammography-ultrasound.html},
	journal = {New York Times},
	author = {Rabin, Roni Caryn},
	month = may,
	year = {2024},
	pages = {16},
}
